@book{hartley2003multiple,
	title={Multiple view geometry in computer vision},
	author={Hartley, Richard and Zisserman, Andrew},
	year={2003},
	publisher={Cambridge university press}
}


@inproceedings{jose2015realtime,
	title={Realtime edge-based visual odometry for a monocular camera},
	author={Jose Tarrio, Juan and Pedre, Sol},
	booktitle={Proceedings of the IEEE International Conference on Computer Vision},
	pages={702--710},
	year={2015}
}

@inproceedings{grater2015robust,
	title={Robust scale estimation for monocular visual odometry using structure from motion and vanishing points},
	author={Gr{\"a}ter, Johannes and Schwarze, Tobias and Lauer, Martin},
	booktitle={Intelligent Vehicles Symposium (IV), 2015 IEEE},
	pages={475--480},
	year={2015},
	organization={IEEE}
}


@article{song2011kalman,
	title={A Kalman filter-integrated optical flow method for velocity sensing of mobile robots},
	author={Song, Xiaojing and Seneviratne, Lakmal D and Althoefer, Kaspar},
	journal={IEEE/ASME Transactions on Mechatronics},
	volume={16},
	number={3},
	pages={551--563},
	year={2011},
	publisher={IEEE}
}


@article{yang2017direct,
	title={Direct Monocular Odometry Using Points and Lines},
	author={Yang, Shichao and Scherer, Sebastian},
	journal={arXiv preprint arXiv:1703.06380},
	year={2017}
}

@inproceedings{barreto2007non,
	title={Non parametric distortion correction in endoscopic medical images},
	author={Barreto, Joao P and Swaminathan, Rahul and Roquette, Jose},
	booktitle={3DTV Conference, 2007},
	pages={1--4},
	year={2007},
	organization={IEEE}
}

@article{zhang1998determining,
	title={Determining the epipolar geometry and its uncertainty: A review},
	author={Zhang, Zhengyou},
	journal={International journal of computer vision},
	volume={27},
	number={2},
	pages={161--195},
	year={1998},
	publisher={Springer}
}

@inproceedings{yu2013improved,
	title={An improved visual odometry optimization algorithm based on Kinect camera},
	author={Yu, Hongshan and Sun, Huan and Wang, Yaonan and Kan, Luo and Wan, Qin},
	booktitle={Chinese Automation Congress (CAC), 2013},
	pages={691--696},
	year={2013},
	organization={IEEE}
}

@inproceedings{mouragnon2006real,
	title={Real time localization and 3d reconstruction},
	author={Mouragnon, Etienne and Lhuillier, Maxime and Dhome, Michel and Dekeyser, Fabien and Sayd, Patrick},
	booktitle={Computer Vision and Pattern Recognition, 2006 IEEE Computer Society Conference on},
	volume={1},
	pages={363--370},
	year={2006},
	organization={IEEE}
}
